<?xml version = "1.0" encoding = "UTF-8"?>
  <collection xmlns="http://www.loc.gov/MARC21/slim"
xmlns:xsi="http://www.w3.org/2001/XMLSchema-instance"
xsi:schemaLocation="http://www.loc.gov/MARC21/slim
http://www.loc.gov/standards/marcxml/schema/MARC21slim.xsd">
    <record xmlns="http://www.loc.gov/MARC21/slim"
xmlns:xsi="http://www.w3.org/2001/XMLSchema-instance"
xsi:schemaLocation="http://www.loc.gov/MARC21/slim
http://www.loc.gov/standards/marcxml/schema/MARC21slim.xsd">
      <leader>00000cas a2200661 i 4500</leader>
      <controlfield tag="001">000633200</controlfield>
      <controlfield tag="005">20190220163604.0</controlfield>
      <controlfield tag="006">m     o  |</controlfield>
      <controlfield tag="007">cr |||||||||||</controlfield>
      <controlfield tag="008">090213c18739999dcudr   o    f|    0eng c</controlfield>
      <datafield tag="010" ind1=" " ind2=" ">
        <subfield code="a">2009230064</subfield>
      </datafield>
      <datafield tag="016" ind1="7" ind2=" ">
        <subfield code="a">012405738</subfield>
        <subfield code="2">Uk</subfield>
      </datafield>
      <datafield tag="019" ind1=" " ind2=" ">
        <subfield code="a">264761820</subfield>
        <subfield code="a">793806303</subfield>
        <subfield code="a">793856389</subfield>
      </datafield>
      <datafield tag="030" ind1=" " ind2=" ">
        <subfield code="a">CGLRB3</subfield>
      </datafield>
      <datafield tag="035" ind1=" " ind2=" ">
        <subfield code="a">(OCoLC)304398268</subfield>
        <subfield code="z">(OCoLC)264761820</subfield>
        <subfield code="z">(OCoLC)793806303</subfield>
        <subfield code="z">(OCoLC)793856389</subfield>
      </datafield>
      <datafield tag="040" ind1=" " ind2=" ">
        <subfield code="a">GPO</subfield>
        <subfield code="b">eng</subfield>
        <subfield code="e">rda</subfield>
        <subfield code="e">pn</subfield>
        <subfield code="c">GPO</subfield>
        <subfield code="d">GPO</subfield>
        <subfield code="d">OCLCQ</subfield>
        <subfield code="d">OCLCO</subfield>
        <subfield code="d">GPO</subfield>
        <subfield code="d">ZCL</subfield>
        <subfield code="d">TXJ</subfield>
        <subfield code="d">CUD</subfield>
        <subfield code="d">OCLCQ</subfield>
        <subfield code="d">INR</subfield>
        <subfield code="d">GPO</subfield>
        <subfield code="d">OCLCF</subfield>
        <subfield code="d">GPO</subfield>
      </datafield>
      <datafield tag="042" ind1=" " ind2=" ">
        <subfield code="a">pcc</subfield>
      </datafield>
      <datafield tag="043" ind1=" " ind2=" ">
        <subfield code="a">n-us---</subfield>
      </datafield>
      <datafield tag="074" ind1=" " ind2=" ">
        <subfield code="a">0994-B-01 (online)</subfield>
        <subfield code="z">0994-D (online)</subfield>
      </datafield>
      <datafield tag="086" ind1="0" ind2=" ">
        <subfield code="a">X 1.1/A:</subfield>
      </datafield>
      <datafield tag="110" ind1="1" ind2=" ">
        <subfield code="a">United States.</subfield>
        <subfield code="b">Congress,</subfield>
        <subfield code="e">author.</subfield>
      </datafield>
      <datafield tag="240" ind1="1" ind2="0">
        <subfield code="a">Congressional record (Daily ed. : Washington, D.C.)</subfield>
      </datafield>
      <datafield tag="245" ind1="1" ind2="0">
        <subfield code="a">Congressional record.</subfield>
      </datafield>
      <datafield tag="264" ind1=" " ind2="1">
        <subfield code="a">[Washington, D.C.] :</subfield>
        <subfield code="b">U.S. G.P.O.</subfield>
      </datafield>
      <datafield tag="300" ind1=" " ind2=" ">
        <subfield code="a">1 online resource</subfield>
      </datafield>
      <datafield tag="310" ind1=" " ind2=" ">
        <subfield code="a">Daily (when Congress is in session)</subfield>
      </datafield>
      <datafield tag="336" ind1=" " ind2=" ">
        <subfield code="a">text</subfield>
        <subfield code="b">txt</subfield>
        <subfield code="2">rdacontent</subfield>
      </datafield>
      <datafield tag="337" ind1=" " ind2=" ">
        <subfield code="a">computer</subfield>
        <subfield code="b">c</subfield>
        <subfield code="2">rdamedia</subfield>
      </datafield>
      <datafield tag="338" ind1=" " ind2=" ">
        <subfield code="a">online resource</subfield>
        <subfield code="b">cr</subfield>
        <subfield code="2">rdacarrier</subfield>
      </datafield>
      <datafield tag="362" ind1="1" ind2=" ">
        <subfield code="a">Print began with: 43rd Congress, Special session of the Senate of the United States (Mar. 4, 1873).</subfield>
      </datafield>
      <datafield tag="500" ind1=" " ind2=" ">
        <subfield code="a">Consists of four sections: Daily digest, Extension of remarks, House, Senate.</subfield>
      </datafield>
      <datafield tag="580" ind1=" " ind2=" ">
        <subfield code="a">Indexed in: Congressional record index.</subfield>
      </datafield>
      <datafield tag="580" ind1=" " ind2=" ">
        <subfield code="a">Also available from FD, Inc. on CD-ROM with title: Congressional record on CD-ROM.</subfield>
      </datafield>
      <datafield tag="588" ind1=" " ind2=" ">
        <subfield code="a">Description based on: 103rd Congress, 2nd session, volume 140, number 1 (Jan. 25, 1994); title from title screen (viewed June 19, 2013).</subfield>
      </datafield>
      <datafield tag="588" ind1=" " ind2=" ">
        <subfield code="a">Latest issue consulted: 114th Congress, 2nd session, volume 162, no. 120 (July 25, 2016) (viewed July 26, 2016).</subfield>
      </datafield>
      <datafield tag="650" ind1=" " ind2="0">
        <subfield code="a">Law</subfield>
        <subfield code="z">United States.</subfield>
      </datafield>
      <datafield tag="651" ind1=" " ind2="0">
        <subfield code="a">United States</subfield>
        <subfield code="x">Politics and government.</subfield>
      </datafield>
      <datafield tag="650" ind1=" " ind2="7">
        <subfield code="a">Law.</subfield>
        <subfield code="2">fast</subfield>
        <subfield code="0">(OCoLC)fst00993678</subfield>
      </datafield>
      <datafield tag="650" ind1=" " ind2="7">
        <subfield code="a">Politics and government.</subfield>
        <subfield code="2">fast</subfield>
        <subfield code="0">(OCoLC)fst01919741</subfield>
      </datafield>
      <datafield tag="651" ind1=" " ind2="7">
        <subfield code="a">United States.</subfield>
        <subfield code="2">fast</subfield>
        <subfield code="0">(OCoLC)fst01204155</subfield>
      </datafield>
      <datafield tag="655" ind1=" " ind2="7">
        <subfield code="a">Periodicals.</subfield>
        <subfield code="2">fast</subfield>
        <subfield code="0">(OCoLC)fst01411641</subfield>
      </datafield>
      <datafield tag="710" ind1="1" ind2=" ">
        <subfield code="a">United States.</subfield>
        <subfield code="b">Government Printing Office,</subfield>
        <subfield code="e">publisher.</subfield>
      </datafield>
      <datafield tag="775" ind1="0" ind2=" ">
        <subfield code="a">United States. Congress.</subfield>
        <subfield code="s">Congressional record (Permanent ed. : Washington, D.C.)</subfield>
        <subfield code="w">(DLC) 2009230056</subfield>
        <subfield code="w">(OCoLC)300300400</subfield>
      </datafield>
      <datafield tag="776" ind1="0" ind2="8">
        <subfield code="i">Print version:</subfield>
        <subfield code="a">United States. Congress.</subfield>
        <subfield code="s">Congressional record (Daily ed.)</subfield>
        <subfield code="x">0363-7239</subfield>
        <subfield code="w">(DLC) 80646573</subfield>
        <subfield code="w">(OCoLC)2437919</subfield>
      </datafield>
      <datafield tag="776" ind1="0" ind2="8">
        <subfield code="i">Microfiche version:</subfield>
        <subfield code="a">United States. Congress.</subfield>
        <subfield code="s">Congressional record (Daily ed.)</subfield>
        <subfield code="w">(DLC)sf 93093453</subfield>
        <subfield code="w">(OCoLC)13530005</subfield>
      </datafield>
      <datafield tag="776" ind1="0" ind2="8">
        <subfield code="i">Microfiche version:</subfield>
        <subfield code="a">United States. Congress.</subfield>
        <subfield code="s">Congressional record (Daily ed. : Hein)</subfield>
        <subfield code="w">(DLC) 2005217074</subfield>
        <subfield code="w">(OCoLC)18391165</subfield>
      </datafield>
      <datafield tag="787" ind1="1" ind2=" ">
        <subfield code="a">United States. Congress.</subfield>
        <subfield code="t">Congressional record on CD-ROM</subfield>
        <subfield code="x">1068-5448</subfield>
        <subfield code="w">(DLC) 93644293</subfield>
        <subfield code="w">(OCoLC)27697752</subfield>
      </datafield>
      <datafield tag="787" ind1="0" ind2="8">
        <subfield code="i">Online serial version:</subfield>
        <subfield code="t">Congressional record index (Online)</subfield>
        <subfield code="w">(DLC) 2001230907</subfield>
        <subfield code="w">(OCoLC)45743824</subfield>
      </datafield>
      <datafield tag="787" ind1="0" ind2="8">
        <subfield code="i">Updating web site:</subfield>
        <subfield code="t">Congressional record index (CRI)</subfield>
        <subfield code="w">(DLC) 2009230065</subfield>
        <subfield code="w">(OCoLC)304398293</subfield>
      </datafield>
      <datafield tag="856" ind1="4" ind2="0">
        <subfield code="u">http://purl.access.gpo.gov/GPO/LPS1671</subfield>
      </datafield>
      <datafield tag="856" ind1="4" ind2=" ">
        <subfield code="u">http://www.gpo.gov/fdsys/browse/collection.action?collectionCode=CREC</subfield>
      </datafield>
      <datafield tag="856" ind1="4" ind2="0">
        <subfield code="3">1989-1994</subfield>
        <subfield code="u">http://purl.fdlp.gov/GPO/gpo70552</subfield>
      </datafield>
      <datafield tag="856" ind1="4" ind2=" ">
        <subfield code="3">1989-1994</subfield>
        <subfield code="u">https://congress.gov/congressional-record/archive</subfield>
      </datafield>
      <datafield tag="856" ind1=" " ind2=" ">
        <subfield code="3">(online)</subfield>
        <subfield code="u">https://catalog.gpo.gov/fdlpdir/locate.jsp?ItemNumber=0994-B-01&amp;SYS=000633200</subfield>
      </datafield>
      <datafield tag="994" ind1=" " ind2=" ">
        <subfield code="a">C0</subfield>
        <subfield code="b">GPO</subfield>
      </datafield>
      <datafield tag="049" ind1=" " ind2=" ">
        <subfield code="a">GPOO</subfield>
      </datafield>
      <datafield tag="922" ind1=" " ind2=" ">
        <subfield code="a">BASICTITLE</subfield>
      </datafield>
      <datafield tag="922" ind1=" " ind2=" ">
        <subfield code="a">ESSENTIALTITLE</subfield>
      </datafield>
      <datafield tag="955" ind1=" " ind2=" ">
        <subfield code="a">bca35 20160726</subfield>
      </datafield>
      <datafield tag="955" ind1=" " ind2=" ">
        <subfield code="a">bcb23 20110727</subfield>
      </datafield>
      <datafield tag="955" ind1=" " ind2=" ">
        <subfield code="a">bca35 20090213</subfield>
        <subfield code="b">20090213</subfield>
      </datafield>
    </record>