

<record xmlns="http://www.loc.gov/MARC21/slim"
xmlns:xsi="http://www.w3.org/2001/XMLSchema-instance"
xsi:schemaLocation="http://www.loc.gov/MARC21/slim
http://www.loc.gov/standards/marcxml/schema/MARC21slim.xsd">
  <leader>00000cas a2200709 a 4500</leader>
  <controlfield tag="001">000641007</controlfield>
  <controlfield tag="005">20190221143013.0</controlfield>
  <controlfield tag="006">m     o  d</controlfield>
  <controlfield tag="007">cr an|||||||||</controlfield>
  <controlfield tag="008">040211c18839999dcu x  sow   f0   a0eng c</controlfield>
  <datafield tag="010" ind1=" " ind2=" ">
    <subfield code="a">2009231052</subfield>
  </datafield>
  <datafield tag="019" ind1=" " ind2=" ">
    <subfield code="a">728288896</subfield>
  </datafield>
  <datafield tag="022" ind1="0" ind2=" ">
    <subfield code="a">2150-2331</subfield>
    <subfield code="2">1</subfield>
  </datafield>
  <datafield tag="035" ind1=" " ind2=" ">
    <subfield code="a">(OCoLC)54394655</subfield>
    <subfield code="z">(OCoLC)728288896</subfield>
  </datafield>
  <datafield tag="040" ind1=" " ind2=" ">
    <subfield code="a">PQD</subfield>
    <subfield code="b">eng</subfield>
    <subfield code="c">PQD</subfield>
    <subfield code="d">OCLCQ</subfield>
    <subfield code="d">UQ1</subfield>
    <subfield code="d">GPO</subfield>
    <subfield code="d">DLC</subfield>
    <subfield code="d">OCLCQ</subfield>
    <subfield code="d">OCLCF</subfield>
    <subfield code="d">INR</subfield>
    <subfield code="d">AGL</subfield>
    <subfield code="d">GPO</subfield>
    <subfield code="d">COO</subfield>
    <subfield code="d">GPO</subfield>
    <subfield code="d">DLC</subfield>
    <subfield code="d">FIE</subfield>
    <subfield code="d">OCLCQ</subfield>
    <subfield code="d">GPO</subfield>
  </datafield>
  <datafield tag="042" ind1=" " ind2=" ">
    <subfield code="a">pcc</subfield>
    <subfield code="a">nsdp</subfield>
  </datafield>
  <datafield tag="043" ind1=" " ind2=" ">
    <subfield code="a">n-us---</subfield>
  </datafield>
  <datafield tag="070" ind1="0" ind2=" ">
    <subfield code="a">KF101</subfield>
    <subfield code="b">.U55</subfield>
  </datafield>
  <datafield tag="074" ind1=" " ind2=" ">
    <subfield code="a">0741-A (online)</subfield>
  </datafield>
  <datafield tag="082" ind1="1" ind2="0">
    <subfield code="a">348</subfield>
    <subfield code="2">14</subfield>
  </datafield>
  <datafield tag="086" ind1="0" ind2=" ">
    <subfield code="a">JU 6.8:</subfield>
  </datafield>
  <datafield tag="110" ind1="1" ind2=" ">
    <subfield code="a">United States.</subfield>
    <subfield code="b">Supreme Court.</subfield>
  </datafield>
  <datafield tag="222" ind1=" " ind2="0">
    <subfield code="a">United States reports</subfield>
    <subfield code="b">(Washington, D.C. Online)</subfield>
  </datafield>
  <datafield tag="240" ind1="1" ind2="0">
    <subfield code="a">United States reports (Washington, D.C.)</subfield>
  </datafield>
  <datafield tag="245" ind1="1" ind2="0">
    <subfield code="a">United States reports :</subfield>
    <subfield code="b">cases adjudged in the Supreme Court at ...</subfield>
  </datafield>
  <datafield tag="246" ind1="1" ind2=" ">
    <subfield code="a">Cases adjudged in the Supreme Court at ...</subfield>
  </datafield>
  <datafield tag="246" ind1="1" ind2=" ">
    <subfield code="i">Also known as:</subfield>
    <subfield code="a">U.S. reports</subfield>
  </datafield>
  <datafield tag="260" ind1=" " ind2=" ">
    <subfield code="a">[Washington, D.C.] :</subfield>
    <subfield code="b">U.S. Supreme Court</subfield>
  </datafield>
  <datafield tag="300" ind1=" " ind2=" ">
    <subfield code="a">1 online resource (volumes)</subfield>
  </datafield>
  <datafield tag="310" ind1=" " ind2=" ">
    <subfield code="a">Irregular</subfield>
  </datafield>
  <datafield tag="336" ind1=" " ind2=" ">
    <subfield code="a">text</subfield>
    <subfield code="b">txt</subfield>
    <subfield code="2">rdacontent</subfield>
  </datafield>
  <datafield tag="337" ind1=" " ind2=" ">
    <subfield code="a">computer</subfield>
    <subfield code="b">c</subfield>
    <subfield code="2">rdamedia</subfield>
  </datafield>
  <datafield tag="338" ind1=" " ind2=" ">
    <subfield code="a">online resource</subfield>
    <subfield code="b">cr</subfield>
    <subfield code="2">rdacarrier</subfield>
  </datafield>
  <datafield tag="362" ind1="1" ind2=" ">
    <subfield code="a">Print began with: [Vol. 108] (Oct. term 1882 ... Oct. term 1883).</subfield>
  </datafield>
  <datafield tag="588" ind1=" " ind2=" ">
    <subfield code="a">Description based on: Vol. 502 (Oct. 7, 1991 through Feb. 24, 1992), published in 1995; title from PDF title page (viewed June 3, 2009).</subfield>
  </datafield>
  <datafield tag="588" ind1=" " ind2=" ">
    <subfield code="a">Latest issue consulted: Vol. 569 (Mar. 26 through June 13, 2013, published in 2018 (viewed June 25, 2018).</subfield>
  </datafield>
  <datafield tag="610" ind1="1" ind2="0">
    <subfield code="a">United States.</subfield>
    <subfield code="b">Supreme Court</subfield>
    <subfield code="v">Periodicals.</subfield>
  </datafield>
  <datafield tag="650" ind1=" " ind2="0">
    <subfield code="a">Law reports, digests, etc.</subfield>
    <subfield code="z">United States.</subfield>
  </datafield>
  <datafield tag="650" ind1=" " ind2="0">
    <subfield code="a">Constitutional law</subfield>
    <subfield code="z">United States</subfield>
    <subfield code="v">Digests.</subfield>
  </datafield>
  <datafield tag="650" ind1=" " ind2="0">
    <subfield code="a">Judicial opinions</subfield>
    <subfield code="z">United States.</subfield>
  </datafield>
  <datafield tag="610" ind1="1" ind2="7">
    <subfield code="a">United States.</subfield>
    <subfield code="b">Supreme Court.</subfield>
    <subfield code="2">fast</subfield>
    <subfield code="0">(OCoLC)fst00529481</subfield>
  </datafield>
  <datafield tag="650" ind1=" " ind2="7">
    <subfield code="a">Constitutional law.</subfield>
    <subfield code="2">fast</subfield>
    <subfield code="0">(OCoLC)fst00875797</subfield>
  </datafield>
  <datafield tag="650" ind1=" " ind2="7">
    <subfield code="a">Judicial opinions.</subfield>
    <subfield code="2">fast</subfield>
    <subfield code="0">(OCoLC)fst00984685</subfield>
  </datafield>
  <datafield tag="650" ind1=" " ind2="7">
    <subfield code="a">Law reports, digests, etc.</subfield>
    <subfield code="2">fast</subfield>
    <subfield code="0">(OCoLC)fst00994106</subfield>
  </datafield>
  <datafield tag="651" ind1=" " ind2="7">
    <subfield code="a">United States.</subfield>
    <subfield code="2">fast</subfield>
    <subfield code="0">(OCoLC)fst01204155</subfield>
  </datafield>
  <datafield tag="655" ind1=" " ind2="7">
    <subfield code="a">Digests.</subfield>
    <subfield code="2">fast</subfield>
    <subfield code="0">(OCoLC)fst01423795</subfield>
  </datafield>
  <datafield tag="655" ind1=" " ind2="7">
    <subfield code="a">Periodicals.</subfield>
    <subfield code="2">fast</subfield>
    <subfield code="0">(OCoLC)fst01411641</subfield>
  </datafield>
  <datafield tag="776" ind1="0" ind2="8">
    <subfield code="i">Print version:</subfield>
    <subfield code="a">United States. Supreme Court.</subfield>
    <subfield code="t">United States reports</subfield>
    <subfield code="x">0891-6845</subfield>
    <subfield code="w">(DLC) 01026074</subfield>
    <subfield code="w">(OCoLC)4384322</subfield>
  </datafield>
  <datafield tag="776" ind1="0" ind2="8">
    <subfield code="i">Microfiche version:</subfield>
    <subfield code="a">United States. Supreme Court.</subfield>
    <subfield code="t">United States reports</subfield>
    <subfield code="w">(OCoLC)26859335</subfield>
  </datafield>
  <datafield tag="787" ind1="0" ind2="8">
    <subfield code="i">Cumulates:</subfield>
    <subfield code="a">United States. Supreme Court.</subfield>
    <subfield code="t">Official reports of the Supreme Court</subfield>
    <subfield code="w">(DLC) 2007228606</subfield>
    <subfield code="w">(OCoLC)54394751</subfield>
  </datafield>
  <datafield tag="856" ind1="4" ind2="0">
    <subfield code="3">Vol. 502, 1991 term-</subfield>
    <subfield code="u">http://purl.access.gpo.gov/GPO/LPS30185</subfield>
  </datafield>
  <datafield tag="856" ind1="4" ind2=" ">
    <subfield code="3">Vol. 502, 1991 term-</subfield>
    <subfield code="u">http://www.supremecourt.gov/opinions/boundvolumes.aspx</subfield>
  </datafield>
  <datafield tag="856" ind1="4" ind2="0">
    <subfield code="3">Vol. 502, 1991 term-vol. 552, 2007 term (UNT Digital Library)</subfield>
    <subfield code="u">http://purl.fdlp.gov/GPO/gpo54225</subfield>
  </datafield>
  <datafield tag="856" ind1="4" ind2=" ">
    <subfield code="3">Vol. 502, 1991 term-vol. 552, 2007 term (UNT Digital Library)</subfield>
    <subfield code="u">https://digital.library.unt.edu/explore/collections/USREP/browse/</subfield>
  </datafield>
  <datafield tag="856" ind1="4" ind2="0">
    <subfield code="3">[Vol.] 108, Oct. term 1882-vol. 542, 2003 term (Library of Congress Digital Collections by agreement with the William S. Hein &amp; Co., Inc.)</subfield>
    <subfield code="u">http://purl.fdlp.gov/GPO/gpo94050</subfield>
  </datafield>
  <datafield tag="856" ind1="4" ind2=" ">
    <subfield code="3">[Vol.] 108, Oct. term 1882-vol. 542, 2003 term (Library of Congress Digital Collections by agreement with the William S. Hein &amp; Co., Inc.)</subfield>
    <subfield code="u">https://www.loc.gov/collections/united-states-reports/</subfield>
  </datafield>
  <datafield tag="856" ind1=" " ind2=" ">
    <subfield code="3">(online)</subfield>
    <subfield code="u">https://catalog.gpo.gov/fdlpdir/locate.jsp?ItemNumber=0741-A&amp;SYS=000641007</subfield>
  </datafield>
  <datafield tag="994" ind1=" " ind2=" ">
    <subfield code="a">C0</subfield>
    <subfield code="b">GPO</subfield>
  </datafield>
  <datafield tag="012" ind1=" " ind2=" ">
    <subfield code="l">a</subfield>
  </datafield>
  <datafield tag="049" ind1=" " ind2=" ">
    <subfield code="a">GPOO</subfield>
  </datafield>
  <datafield tag="922" ind1=" " ind2=" ">
    <subfield code="a">BASICTITLE</subfield>
  </datafield>
  <datafield tag="922" ind1=" " ind2=" ">
    <subfield code="a">ESSENTIALTITLE</subfield>
  </datafield>
  <datafield tag="955" ind1=" " ind2=" ">
    <subfield code="a">bca35 20180625</subfield>
  </datafield>
</record>