

<record xmlns="http://www.loc.gov/MARC21/slim"
xmlns:xsi="http://www.w3.org/2001/XMLSchema-instance"
xsi:schemaLocation="http://www.loc.gov/MARC21/slim
http://www.loc.gov/standards/marcxml/schema/MARC21slim.xsd">
  <leader>00000cas a2201069 a 4500</leader>
  <controlfield tag="001">000467942</controlfield>
  <controlfield tag="005">20190320130741.0</controlfield>
  <controlfield tag="006">m     o  d f</controlfield>
  <controlfield tag="007">cr mn|||||||||</controlfield>
  <controlfield tag="008">970214c19369999dcuar   o    f0   a0eng c</controlfield>
  <datafield tag="010" ind1=" " ind2=" ">
    <subfield code="a">sn 97028021</subfield>
  </datafield>
  <datafield tag="019" ind1=" " ind2=" ">
    <subfield code="a">36162385</subfield>
    <subfield code="a">298837886</subfield>
    <subfield code="a">993100935</subfield>
    <subfield code="a">1011422624</subfield>
  </datafield>
  <datafield tag="022" ind1="0" ind2=" ">
    <subfield code="a">2380-3762</subfield>
    <subfield code="2">1</subfield>
  </datafield>
  <datafield tag="035" ind1="9" ind2=" ">
    <subfield code="a">ocm36392262</subfield>
  </datafield>
  <datafield tag="035" ind1=" " ind2=" ">
    <subfield code="a">(OCoLC)36392262</subfield>
    <subfield code="z">(OCoLC)36162385</subfield>
    <subfield code="z">(OCoLC)298837886</subfield>
    <subfield code="z">(OCoLC)993100935</subfield>
    <subfield code="z">(OCoLC)1011422624</subfield>
  </datafield>
  <datafield tag="037" ind1=" " ind2=" ">
    <subfield code="b">Paper version available from: U.S. Govt. Print. Off., Supt. of Docs., Mail Stop: SSOP, Washington, DC 20402-9328</subfield>
  </datafield>
  <datafield tag="040" ind1=" " ind2=" ">
    <subfield code="a">GPO</subfield>
    <subfield code="b">eng</subfield>
    <subfield code="c">GPO</subfield>
    <subfield code="d">OCL</subfield>
    <subfield code="d">OCLCQ</subfield>
    <subfield code="d">GPO</subfield>
    <subfield code="d">OCLCQ</subfield>
    <subfield code="d">IUL</subfield>
    <subfield code="d">GPO</subfield>
    <subfield code="d">DLC</subfield>
    <subfield code="d">VP@</subfield>
    <subfield code="d">GPO</subfield>
    <subfield code="d">OCLCQ</subfield>
    <subfield code="d">OCLCO</subfield>
    <subfield code="d">GPO</subfield>
    <subfield code="d">OCLCQ</subfield>
    <subfield code="d">OCLCF</subfield>
    <subfield code="d">CGN</subfield>
    <subfield code="d">INR</subfield>
    <subfield code="d">GPO</subfield>
    <subfield code="d">OCL</subfield>
    <subfield code="d">COO</subfield>
    <subfield code="d">DLC</subfield>
    <subfield code="d">OCLCE</subfield>
    <subfield code="d">OCLCO</subfield>
    <subfield code="d">GPO</subfield>
    <subfield code="d">OCLCQ</subfield>
    <subfield code="d">OCLCO</subfield>
    <subfield code="d">OCLCQ</subfield>
    <subfield code="d">GPO</subfield>
    <subfield code="d">DOS</subfield>
    <subfield code="d">CKK</subfield>
    <subfield code="d">OCLCO</subfield>
    <subfield code="d">ZAC</subfield>
    <subfield code="d">OCLCO</subfield>
    <subfield code="d">GPO</subfield>
    <subfield code="d">IU0</subfield>
    <subfield code="d">I3U</subfield>
    <subfield code="d">HV6</subfield>
    <subfield code="d">IN0</subfield>
    <subfield code="d">XUN</subfield>
    <subfield code="d">IE0</subfield>
    <subfield code="d">XPJ</subfield>
    <subfield code="d">IUP</subfield>
    <subfield code="d">OCLCO</subfield>
    <subfield code="d">OCLCA</subfield>
    <subfield code="d">GPO</subfield>
    <subfield code="d">MNM</subfield>
    <subfield code="d">OCLCO</subfield>
    <subfield code="d">GILDS</subfield>
    <subfield code="d">OCLCO</subfield>
    <subfield code="d">GPO</subfield>
  </datafield>
  <datafield tag="042" ind1=" " ind2=" ">
    <subfield code="a">pcc</subfield>
    <subfield code="a">nsdp</subfield>
  </datafield>
  <datafield tag="043" ind1=" " ind2=" ">
    <subfield code="a">n-us---</subfield>
  </datafield>
  <datafield tag="050" ind1="1" ind2="0">
    <subfield code="a">ISSN RECORD</subfield>
  </datafield>
  <datafield tag="050" ind1=" " ind2="4">
    <subfield code="a">HJ2051</subfield>
    <subfield code="b">.A59</subfield>
  </datafield>
  <datafield tag="074" ind1=" " ind2=" ">
    <subfield code="a">0853 (online)</subfield>
  </datafield>
  <datafield tag="074" ind1=" " ind2=" ">
    <subfield code="a">0853-C-01 (online)</subfield>
  </datafield>
  <datafield tag="082" ind1="0" ind2="0">
    <subfield code="a">330.973</subfield>
    <subfield code="2">23</subfield>
  </datafield>
  <datafield tag="086" ind1="0" ind2=" ">
    <subfield code="a">PREX 2.8:2018/BLUEPRINT</subfield>
    <subfield code="z">PREX 2.8:B 85</subfield>
  </datafield>
  <datafield tag="086" ind1="0" ind2=" ">
    <subfield code="a">PREX 2.8:</subfield>
  </datafield>
  <datafield tag="110" ind1="1" ind2=" ">
    <subfield code="a">United States.</subfield>
    <subfield code="b">Office of Management and Budget.</subfield>
  </datafield>
  <datafield tag="222" ind1=" " ind2="0">
    <subfield code="a">Budget of the United States Government</subfield>
    <subfield code="b">(Dept. ed. Online)</subfield>
  </datafield>
  <datafield tag="240" ind1="1" ind2="0">
    <subfield code="a">Budget of the United States Government (Dept. ed. : Online)</subfield>
  </datafield>
  <datafield tag="245" ind1="1" ind2="0">
    <subfield code="a">Budget of the United States Government.</subfield>
  </datafield>
  <datafield tag="246" ind1="1" ind2=" ">
    <subfield code="i">Some v. have title:</subfield>
    <subfield code="a">Budget of the U.S. Government</subfield>
    <subfield code="f">2003-</subfield>
  </datafield>
  <datafield tag="246" ind1="1" ind2=" ">
    <subfield code="i">Fiscal year 2010 Budget overview document has title:</subfield>
    <subfield code="a">New era of responsibility :</subfield>
    <subfield code="b">renewing America&apos;s promise</subfield>
  </datafield>
  <datafield tag="246" ind1="1" ind2=" ">
    <subfield code="i">Fiscal year 2010 addendum has title:</subfield>
    <subfield code="a">Terminations, reductions, and savings</subfield>
  </datafield>
  <datafield tag="246" ind1="1" ind2=" ">
    <subfield code="i">Rev. summary tables for fiscal year 2010 issued separately in May 2009 with title:</subfield>
    <subfield code="a">Updated summary tables</subfield>
  </datafield>
  <datafield tag="246" ind1="1" ind2=" ">
    <subfield code="i">Fiscal year 2018 also has title:</subfield>
    <subfield code="a">America first :</subfield>
    <subfield code="b">a budget blueprint to make America great again</subfield>
  </datafield>
  <datafield tag="246" ind1="1" ind2=" ">
    <subfield code="i">Fiscal year 2018 also has title:</subfield>
    <subfield code="a">New foundation for American greatness</subfield>
  </datafield>
  <datafield tag="246" ind1="1" ind2=" ">
    <subfield code="i">Fiscal year 2019 also has title:</subfield>
    <subfield code="a">American budget</subfield>
  </datafield>
  <datafield tag="246" ind1=" " ind2=" ">
    <subfield code="i">Fiscal year 2020 also has title:</subfield>
    <subfield code="a">Budget for a better America :</subfield>
  </datafield>
  <datafield tag="250" ind1=" " ind2=" ">
    <subfield code="a">[Dept. ed.].</subfield>
  </datafield>
  <datafield tag="260" ind1=" " ind2=" ">
    <subfield code="a">[Washington, D.C.] :</subfield>
    <subfield code="b">Executive Office of the President, Office of Management and Budget</subfield>
  </datafield>
  <datafield tag="300" ind1=" " ind2=" ">
    <subfield code="a">1 online resource (volumes) :</subfield>
    <subfield code="b">illustrations</subfield>
  </datafield>
  <datafield tag="310" ind1=" " ind2=" ">
    <subfield code="a">Annual</subfield>
  </datafield>
  <datafield tag="336" ind1=" " ind2=" ">
    <subfield code="a">text</subfield>
    <subfield code="b">txt</subfield>
    <subfield code="2">rdacontent</subfield>
  </datafield>
  <datafield tag="337" ind1=" " ind2=" ">
    <subfield code="a">computer</subfield>
    <subfield code="b">c</subfield>
    <subfield code="2">rdamedia</subfield>
  </datafield>
  <datafield tag="338" ind1=" " ind2=" ">
    <subfield code="a">online resource</subfield>
    <subfield code="b">cr</subfield>
    <subfield code="2">rdacarrier</subfield>
  </datafield>
  <datafield tag="362" ind1="1" ind2=" ">
    <subfield code="a">Print began with 1935/36.</subfield>
  </datafield>
  <datafield tag="525" ind1=" " ind2=" ">
    <subfield code="a">Has supplements: War supplement, 1943/44, and: Corporation supplement, 1946/47.</subfield>
  </datafield>
  <datafield tag="530" ind1=" " ind2=" ">
    <subfield code="a">Also issued in print (Dept. ed.) and (Doc. ed.).</subfield>
  </datafield>
  <datafield tag="580" ind1=" " ind2=" ">
    <subfield code="a">Issued in 2 parts due to uncertainty of budget situation; the second part is labelled &quot;Supplement.&quot;</subfield>
  </datafield>
  <datafield tag="580" ind1=" " ind2=" ">
    <subfield code="a">Has companion titles: United States. Office of Management and Budget. Budget of the United States government (Online). Appendix; United States. Office of Management and Budget. Historical tables, budget of the United States government (Online); United States. Office of Management and Budget. Budget of the United States Government (Online). Analytical perspectives; and: A citizen&apos;s guide to the federal budget, budget of the United States government (Online).</subfield>
  </datafield>
  <datafield tag="580" ind1=" " ind2=" ">
    <subfield code="a">Also issued as part of: United States. Office of Management and Budget. Budget of the United States Government (CD-ROM version).</subfield>
  </datafield>
  <datafield tag="580" ind1=" " ind2=" ">
    <subfield code="a">Volume for Fiscal year 2018 complemented by: America first : a budget blueprint to make America great again.</subfield>
  </datafield>
  <datafield tag="588" ind1=" " ind2=" ">
    <subfield code="a">Description based on: Fiscal year 1997; title from PDF title page (GPO website, viewed Feb. 14, 1997).</subfield>
  </datafield>
  <datafield tag="588" ind1=" " ind2=" ">
    <subfield code="a">Latest issue consulted: Fiscal year 2020 (GPO website, viewed Mar. 20, 2019).</subfield>
  </datafield>
  <datafield tag="650" ind1=" " ind2="0">
    <subfield code="a">Budget</subfield>
    <subfield code="z">United States</subfield>
    <subfield code="v">Periodicals.</subfield>
  </datafield>
  <datafield tag="651" ind1=" " ind2="0">
    <subfield code="a">United States</subfield>
    <subfield code="x">Appropriations and expenditures</subfield>
    <subfield code="v">Periodicals.</subfield>
  </datafield>
  <datafield tag="651" ind1=" " ind2="0">
    <subfield code="a">United States</subfield>
    <subfield code="x">Appropriations and expenditures</subfield>
    <subfield code="x">Forecasting</subfield>
    <subfield code="v">Periodicals.</subfield>
  </datafield>
  <datafield tag="650" ind1=" " ind2="7">
    <subfield code="a">Expenditures, Public</subfield>
    <subfield code="2">fast</subfield>
    <subfield code="0">(OCoLC)fst00918345</subfield>
  </datafield>
  <datafield tag="650" ind1=" " ind2="7">
    <subfield code="a">Budget.</subfield>
    <subfield code="2">fast</subfield>
    <subfield code="0">(OCoLC)fst00840336</subfield>
  </datafield>
  <datafield tag="651" ind1=" " ind2="7">
    <subfield code="a">United States.</subfield>
    <subfield code="2">fast</subfield>
    <subfield code="0">(OCoLC)fst01204155</subfield>
  </datafield>
  <datafield tag="650" ind1=" " ind2="2">
    <subfield code="a">Budgets.</subfield>
  </datafield>
  <datafield tag="650" ind1=" " ind2="2">
    <subfield code="a">Financial Management.</subfield>
  </datafield>
  <datafield tag="650" ind1=" " ind2="2">
    <subfield code="a">Financing, Government.</subfield>
  </datafield>
  <datafield tag="651" ind1=" " ind2="2">
    <subfield code="a">United States.</subfield>
  </datafield>
  <datafield tag="655" ind1=" " ind2="7">
    <subfield code="a">Periodicals.</subfield>
    <subfield code="2">fast</subfield>
    <subfield code="0">(OCoLC)fst01411641</subfield>
  </datafield>
  <datafield tag="770" ind1="0" ind2="8">
    <subfield code="i">Supplement (work):</subfield>
    <subfield code="a">United States. Office of Management and Budget.</subfield>
    <subfield code="s">Budget of the United States Government (Online). Supplement.</subfield>
    <subfield code="t">Budget of the United States Government. Supplement</subfield>
    <subfield code="w">(DLC)sn 97028032</subfield>
    <subfield code="w">(OCoLC)36506203</subfield>
  </datafield>
  <datafield tag="770" ind1="0" ind2="8">
    <subfield code="i">Supplement (work):</subfield>
    <subfield code="a">National Nanotechnology Initiative (U.S.).</subfield>
    <subfield code="t">National Nanotechnology Initiative. Supplement to the President&apos;s ... budget</subfield>
    <subfield code="w">(DLC) 2018230652</subfield>
    <subfield code="w">(OCoLC)1028579721</subfield>
  </datafield>
  <datafield tag="776" ind1="0" ind2="8">
    <subfield code="i">Print version:</subfield>
    <subfield code="a">United States.</subfield>
    <subfield code="s">Budget of the United States Government (Dept. ed.).</subfield>
    <subfield code="t">Budget of the United States Government</subfield>
    <subfield code="x">0163-2000</subfield>
    <subfield code="w">(DLC) 70611049</subfield>
    <subfield code="w">(OCoLC)932137</subfield>
  </datafield>
  <datafield tag="776" ind1="0" ind2="8">
    <subfield code="i">Print version:</subfield>
    <subfield code="a">United States. Office of Management and Budget.</subfield>
    <subfield code="s">Budget of the United States Government (Doc. ed.).</subfield>
    <subfield code="t">Budget of the United States Government</subfield>
    <subfield code="x">2380-3649</subfield>
    <subfield code="w">(DLC)sn 87042035</subfield>
    <subfield code="w">(OCoLC)6018330</subfield>
  </datafield>
  <datafield tag="776" ind1="0" ind2="8">
    <subfield code="i">CD-ROM version:</subfield>
    <subfield code="a">United States. Office of Management and Budget.</subfield>
    <subfield code="s">Budget of the United States Government (Dept. ed. : CD-ROM).</subfield>
    <subfield code="t">Budget of the United States Government</subfield>
    <subfield code="x">2380-338X</subfield>
    <subfield code="w">(DLC) 2007219192</subfield>
    <subfield code="w">(OCoLC)32716725</subfield>
  </datafield>
  <datafield tag="787" ind1="1" ind2=" ">
    <subfield code="a">United States. Office of Management and Budget.</subfield>
    <subfield code="s">Budget of the United States Government (Online). Appendix.</subfield>
    <subfield code="t">Budget of the United States Government. Appendix</subfield>
    <subfield code="w">(DLC)sn 97028022</subfield>
    <subfield code="w">(OCoLC)36402121</subfield>
  </datafield>
  <datafield tag="787" ind1="1" ind2=" ">
    <subfield code="a">United States. Office of Management and Budget.</subfield>
    <subfield code="s">Budget of the United States Government (Online). Analytical perspectives.</subfield>
    <subfield code="t">Budget of the United States Government. Analytical perspectives</subfield>
    <subfield code="x">1934-0036</subfield>
    <subfield code="w">(DLC)sn 97028024</subfield>
    <subfield code="w">(OCoLC)36402085</subfield>
  </datafield>
  <datafield tag="787" ind1="1" ind2=" ">
    <subfield code="a">United States. Office of Management and Budget.</subfield>
    <subfield code="s">Budget of the United States Government (CD-ROM version).</subfield>
    <subfield code="t">Budget of the United States Government</subfield>
    <subfield code="x">2380-338X</subfield>
    <subfield code="w">(DLC) 2007219192</subfield>
    <subfield code="w">(OCoLC)32716725</subfield>
  </datafield>
  <datafield tag="787" ind1="1" ind2=" ">
    <subfield code="a">United States. Office of Management and Budget.</subfield>
    <subfield code="s">Historical tables, budget of the United States government (Online).</subfield>
    <subfield code="t">Historical tables, budget of the United States government</subfield>
    <subfield code="x">2380-3800</subfield>
    <subfield code="w">(DLC)sn 97028023</subfield>
    <subfield code="w">(OCoLC)36402150</subfield>
  </datafield>
  <datafield tag="787" ind1="1" ind2=" ">
    <subfield code="t">Citizen&apos;s guide to the federal budget, budget of the United States government (Online)</subfield>
    <subfield code="x">2380-3746</subfield>
    <subfield code="w">(DLC)sn 97028025</subfield>
    <subfield code="w">(OCoLC)36402176</subfield>
  </datafield>
  <datafield tag="787" ind1="0" ind2="8">
    <subfield code="i">Volume for Fiscal year 2018 complemented by (work):</subfield>
    <subfield code="a">United States. Office of Management and Budget.</subfield>
    <subfield code="t">America first.</subfield>
    <subfield code="d">[Washington, D.C.] : Executive Office of the President of the United States, Office of Management and Budget, 2017</subfield>
    <subfield code="w">(OCoLC)976037222</subfield>
  </datafield>
  <datafield tag="856" ind1="4" ind2="0">
    <subfield code="3">1996-</subfield>
    <subfield code="u">http://purl.access.gpo.gov/GPO/LPS2343</subfield>
  </datafield>
  <datafield tag="856" ind1="4" ind2=" ">
    <subfield code="3">1996-</subfield>
    <subfield code="u">https://www.govinfo.gov/app/collection/BUDGET/</subfield>
  </datafield>
  <datafield tag="856" ind1="4" ind2="0">
    <subfield code="3">1923-</subfield>
    <subfield code="u">http://purl.access.gpo.gov/GPO/LPS86165</subfield>
  </datafield>
  <datafield tag="856" ind1="4" ind2=" ">
    <subfield code="3">1923-</subfield>
    <subfield code="u">http://fraser.stlouisfed.org/publications/usbudget/</subfield>
  </datafield>
  <datafield tag="856" ind1="4" ind2="0">
    <subfield code="u">http://purl.fdlp.gov/GPO/gpo18929</subfield>
    <subfield code="z">Mobile application replaced with mobile-friendly website</subfield>
  </datafield>
  <datafield tag="856" ind1="4" ind2=" ">
    <subfield code="u">https://www.govinfo.gov/app/collection/budget/</subfield>
  </datafield>
  <datafield tag="856" ind1=" " ind2=" ">
    <subfield code="3">(online)</subfield>
    <subfield code="u">https://catalog.gpo.gov/fdlpdir/locate.jsp?ItemNumber=0853&amp;SYS=000467942</subfield>
  </datafield>
  <datafield tag="856" ind1=" " ind2=" ">
    <subfield code="3">(online)</subfield>
    <subfield code="u">https://catalog.gpo.gov/fdlpdir/locate.jsp?ItemNumber=0853-C-01&amp;SYS=000467942</subfield>
  </datafield>
  <datafield tag="994" ind1=" " ind2=" ">
    <subfield code="a">C0</subfield>
    <subfield code="b">GPO</subfield>
  </datafield>
  <datafield tag="049" ind1=" " ind2=" ">
    <subfield code="a">GPOO</subfield>
  </datafield>
  <datafield tag="955" ind1=" " ind2=" ">
    <subfield code="a">bca35 20190320</subfield>
  </datafield>
  <datafield tag="955" ind1=" " ind2=" ">
    <subfield code="a">bca59 20180622</subfield>
  </datafield>
  <datafield tag="955" ind1=" " ind2=" ">
    <subfield code="a">CATPART; FRASER</subfield>
  </datafield>
  <datafield tag="922" ind1=" " ind2=" ">
    <subfield code="a">BASICTITLE</subfield>
  </datafield>
  <datafield tag="922" ind1=" " ind2=" ">
    <subfield code="a">ESSENTIALTITLE</subfield>
  </datafield>
  <datafield tag="955" ind1=" " ind2=" ">
    <subfield code="a">bcb43 20080220</subfield>
  </datafield>
</record>