

<record xmlns="http://www.loc.gov/MARC21/slim"
xmlns:xsi="http://www.w3.org/2001/XMLSchema-instance"
xsi:schemaLocation="http://www.loc.gov/MARC21/slim
http://www.loc.gov/standards/marcxml/schema/MARC21slim.xsd">
  <leader>00000cas a2200625 a 4500</leader>
  <controlfield tag="001">000805967</controlfield>
  <controlfield tag="005">20190221133928.0</controlfield>
  <controlfield tag="006">m     o  d f</controlfield>
  <controlfield tag="007">cr mn|||||||||</controlfield>
  <controlfield tag="008">010427c19379999dcuar  sol   f0    0eng c</controlfield>
  <datafield tag="010" ind1=" " ind2=" ">
    <subfield code="a">2001263040</subfield>
  </datafield>
  <datafield tag="019" ind1=" " ind2=" ">
    <subfield code="a">426742128</subfield>
    <subfield code="a">622966494</subfield>
    <subfield code="a">679546364</subfield>
  </datafield>
  <datafield tag="022" ind1="0" ind2=" ">
    <subfield code="a">2379-4127</subfield>
    <subfield code="2">1</subfield>
  </datafield>
  <datafield tag="035" ind1=" " ind2=" ">
    <subfield code="a">(OCoLC)46833237</subfield>
    <subfield code="z">(OCoLC)426742128</subfield>
    <subfield code="z">(OCoLC)622966494</subfield>
    <subfield code="z">(OCoLC)679546364</subfield>
  </datafield>
  <datafield tag="040" ind1=" " ind2=" ">
    <subfield code="a">COA</subfield>
    <subfield code="b">eng</subfield>
    <subfield code="c">COA</subfield>
    <subfield code="d">ZYU</subfield>
    <subfield code="d">OCLCQ</subfield>
    <subfield code="d">LLMC2</subfield>
    <subfield code="d">OCL</subfield>
    <subfield code="d">LLMC2</subfield>
    <subfield code="d">GPO</subfield>
    <subfield code="d">OCLCE</subfield>
    <subfield code="d">EMI</subfield>
    <subfield code="d">Z@4</subfield>
    <subfield code="d">OCLCQ</subfield>
    <subfield code="d">GPO</subfield>
    <subfield code="d">OCLCA</subfield>
    <subfield code="d">GPO</subfield>
    <subfield code="d">OCLCO</subfield>
    <subfield code="d">INR</subfield>
    <subfield code="d">AGL</subfield>
    <subfield code="d">GPO</subfield>
  </datafield>
  <datafield tag="042" ind1=" " ind2=" ">
    <subfield code="a">pcc</subfield>
    <subfield code="a">nsdp</subfield>
  </datafield>
  <datafield tag="043" ind1=" " ind2=" ">
    <subfield code="a">n-us---</subfield>
  </datafield>
  <datafield tag="070" ind1="0" ind2=" ">
    <subfield code="a">KF50</subfield>
    <subfield code="b">.U55</subfield>
  </datafield>
  <datafield tag="074" ind1=" " ind2=" ">
    <subfield code="a">0576-A (online)</subfield>
  </datafield>
  <datafield tag="082" ind1="0" ind2="0">
    <subfield code="a">341</subfield>
    <subfield code="2">23</subfield>
  </datafield>
  <datafield tag="086" ind1="0" ind2=" ">
    <subfield code="a">AE 2.111:</subfield>
  </datafield>
  <datafield tag="110" ind1="1" ind2=" ">
    <subfield code="a">United States.</subfield>
  </datafield>
  <datafield tag="240" ind1="1" ind2="0">
    <subfield code="a">Laws, etc. (United States statutes at large : Online)</subfield>
  </datafield>
  <datafield tag="245" ind1="1" ind2="0">
    <subfield code="a">United States statutes at large.</subfield>
  </datafield>
  <datafield tag="246" ind1="1" ind2=" ">
    <subfield code="a">Statutes at large</subfield>
  </datafield>
  <datafield tag="246" ind1="1" ind2=" ">
    <subfield code="a">U.S. statutes at large</subfield>
  </datafield>
  <datafield tag="246" ind1="1" ind2=" ">
    <subfield code="i">Cited as:</subfield>
    <subfield code="a">Stat</subfield>
  </datafield>
  <datafield tag="260" ind1=" " ind2=" ">
    <subfield code="a">Washington :</subfield>
    <subfield code="b">U.S. G.P.O.</subfield>
  </datafield>
  <datafield tag="300" ind1=" " ind2=" ">
    <subfield code="a">1 online resource</subfield>
  </datafield>
  <datafield tag="310" ind1=" " ind2=" ">
    <subfield code="a">Annual</subfield>
  </datafield>
  <datafield tag="336" ind1=" " ind2=" ">
    <subfield code="a">text</subfield>
    <subfield code="b">txt</subfield>
    <subfield code="2">rdacontent</subfield>
  </datafield>
  <datafield tag="337" ind1=" " ind2=" ">
    <subfield code="a">computer</subfield>
    <subfield code="b">c</subfield>
    <subfield code="2">rdamedia</subfield>
  </datafield>
  <datafield tag="338" ind1=" " ind2=" ">
    <subfield code="a">online resource</subfield>
    <subfield code="b">cr</subfield>
    <subfield code="2">rdacarrier</subfield>
  </datafield>
  <datafield tag="362" ind1="1" ind2=" ">
    <subfield code="a">Print began with: Vol. 50, pt. 1 (1937).</subfield>
  </datafield>
  <datafield tag="580" ind1=" " ind2=" ">
    <subfield code="a">Vols. for 1937-1950/51 contain treaties and international agreements, issued 1950- by the Secretary of State as: United States. Treaties, etc. (United States treaties and other international agreements : Online). United States treaties and other international agreements.</subfield>
  </datafield>
  <datafield tag="588" ind1=" " ind2=" ">
    <subfield code="a">Description based on: Vol. 65, pt. 1 (1951); title from PDF t.p. (viewed Dec. 30, 2014).</subfield>
  </datafield>
  <datafield tag="588" ind1=" " ind2=" ">
    <subfield code="a">Latest issue consulted: Vol. 125, pt. 1 (2011); (viewed Aug. 20, 2015).</subfield>
  </datafield>
  <datafield tag="650" ind1=" " ind2="0">
    <subfield code="a">Session laws</subfield>
    <subfield code="z">United States.</subfield>
  </datafield>
  <datafield tag="651" ind1=" " ind2="0">
    <subfield code="a">United States</subfield>
    <subfield code="x">Foreign relations</subfield>
    <subfield code="x">Treaties</subfield>
    <subfield code="v">Periodicals.</subfield>
  </datafield>
  <datafield tag="710" ind1="1" ind2=" ">
    <subfield code="a">United States.</subfield>
    <subfield code="b">Office of the Federal Register.</subfield>
  </datafield>
  <datafield tag="710" ind1="1" ind2=" ">
    <subfield code="a">United States.</subfield>
    <subfield code="b">Department of State.</subfield>
  </datafield>
  <datafield tag="776" ind1="0" ind2="8">
    <subfield code="i">Print serial version:</subfield>
    <subfield code="a">United States.</subfield>
    <subfield code="s">Laws, etc. (United States statutes at large).</subfield>
    <subfield code="t">United States statutes at large</subfield>
    <subfield code="x">0083-3401</subfield>
    <subfield code="w">(DLC) 07035353</subfield>
    <subfield code="w">(OCoLC)1768474</subfield>
  </datafield>
  <datafield tag="776" ind1="0" ind2="8">
    <subfield code="i">Microfiche version:</subfield>
    <subfield code="a">United States.</subfield>
    <subfield code="s">Laws, etc. (United States statutes at large).</subfield>
    <subfield code="t">United States statutes at large</subfield>
    <subfield code="w">(DLC) 2008217176</subfield>
    <subfield code="w">(OCoLC)13324222</subfield>
  </datafield>
  <datafield tag="780" ind1="0" ind2="0">
    <subfield code="a">United States.</subfield>
    <subfield code="s">Laws, etc. (Statutes at large, the United States from ... : Online).</subfield>
    <subfield code="t">Statutes at large, the United States from ...</subfield>
    <subfield code="w">(DLC) 2011230158</subfield>
    <subfield code="w">(OCoLC)55483833</subfield>
  </datafield>
  <datafield tag="785" ind1="0" ind2="1">
    <subfield code="a">United States.</subfield>
    <subfield code="s">Treaties, etc. (United States treaties and other international agreements : Online).</subfield>
    <subfield code="t">United States treaties and other international agreements</subfield>
    <subfield code="w">(OCoLC)54397189</subfield>
  </datafield>
  <datafield tag="787" ind1="0" ind2="8">
    <subfield code="i">Online database version:</subfield>
    <subfield code="a">United States.</subfield>
    <subfield code="s">Laws, etc. (United States statutes at large).</subfield>
    <subfield code="t">United States statutes at large</subfield>
    <subfield code="w">(DLC) 2009230092</subfield>
    <subfield code="w">(OCoLC)318898196</subfield>
  </datafield>
  <datafield tag="856" ind1="4" ind2="0">
    <subfield code="3">1951-</subfield>
    <subfield code="u">http://purl.fdlp.gov/GPO/gpo5677</subfield>
  </datafield>
  <datafield tag="856" ind1="4" ind2=" ">
    <subfield code="z">Address at time of PURL creation</subfield>
    <subfield code="3">1951-</subfield>
    <subfield code="u">http://www.gpo.gov/fdsys/browse/collection.action?collectionCode=STATUTE</subfield>
  </datafield>
  <datafield tag="856" ind1="4" ind2="0">
    <subfield code="3">1937-1950</subfield>
    <subfield code="u">https://purl.fdlp.gov/GPO/gpo89586</subfield>
  </datafield>
  <datafield tag="856" ind1="4" ind2=" ">
    <subfield code="z">Address at time of PURL creation</subfield>
    <subfield code="3">1937-1950</subfield>
    <subfield code="u">https://www.loc.gov/law/help/statutes-at-large/</subfield>
  </datafield>
  <datafield tag="856" ind1="4" ind2="0">
    <subfield code="3">1951-</subfield>
    <subfield code="z">Available at UNT Digital Library</subfield>
    <subfield code="u">http://purl.fdlp.gov/GPO/gpo54224</subfield>
  </datafield>
  <datafield tag="856" ind1="4" ind2=" ">
    <subfield code="3">1951-</subfield>
    <subfield code="u">http://digital.library.unt.edu/explore/collections/USSAL/browse/</subfield>
  </datafield>
  <datafield tag="856" ind1="4" ind2="0">
    <subfield code="z">No longer available as of July 16, 2014</subfield>
    <subfield code="u">http://purl.fdlp.gov/GPO/gpo6031</subfield>
  </datafield>
  <datafield tag="856" ind1=" " ind2=" ">
    <subfield code="3">(online)</subfield>
    <subfield code="u">https://catalog.gpo.gov/fdlpdir/locate.jsp?ItemNumber=0576-A&amp;SYS=000805967</subfield>
  </datafield>
  <datafield tag="994" ind1=" " ind2=" ">
    <subfield code="a">C0</subfield>
    <subfield code="b">GPO</subfield>
  </datafield>
  <datafield tag="049" ind1=" " ind2=" ">
    <subfield code="a">GPOO</subfield>
  </datafield>
  <datafield tag="922" ind1=" " ind2=" ">
    <subfield code="a">BASICTITLE</subfield>
  </datafield>
  <datafield tag="922" ind1=" " ind2=" ">
    <subfield code="a">ESSENTIALTITLE</subfield>
  </datafield>
  <datafield tag="955" ind1=" " ind2=" ">
    <subfield code="a">bc81 20180305</subfield>
  </datafield>
  <datafield tag="955" ind1=" " ind2=" ">
    <subfield code="a">CATPART; UNT</subfield>
  </datafield>
  <datafield tag="955" ind1=" " ind2=" ">
    <subfield code="a">bca35 20141230</subfield>
  </datafield>
  <datafield tag="955" ind1=" " ind2=" ">
    <subfield code="a">bca35 20140716</subfield>
  </datafield>
  <datafield tag="955" ind1=" " ind2=" ">
    <subfield code="a">bca35 20130226</subfield>
  </datafield>
  <datafield tag="955" ind1=" " ind2=" ">
    <subfield code="a">bca35 20110331</subfield>
  </datafield>
</record>