

<record xmlns="http://www.loc.gov/MARC21/slim"
xmlns:xsi="http://www.w3.org/2001/XMLSchema-instance"
xsi:schemaLocation="http://www.loc.gov/MARC21/slim
http://www.loc.gov/standards/marcxml/schema/MARC21slim.xsd">
  <leader>00000cas a2200757 i 4500</leader>
  <controlfield tag="001">000919692</controlfield>
  <controlfield tag="005">20180718101157.0</controlfield>
  <controlfield tag="006">m     o  d f</controlfield>
  <controlfield tag="007">cr |||||||||||</controlfield>
  <controlfield tag="008">100129c19389999dcuar   o l  f0    0eng c</controlfield>
  <datafield tag="010" ind1=" " ind2=" ">
    <subfield code="a">2014230075</subfield>
  </datafield>
  <datafield tag="019" ind1=" " ind2=" ">
    <subfield code="a">589970077</subfield>
    <subfield code="a">590029089</subfield>
    <subfield code="a">590166208</subfield>
    <subfield code="a">590346486</subfield>
    <subfield code="a">590661799</subfield>
    <subfield code="a">590720573</subfield>
    <subfield code="a">590839111</subfield>
    <subfield code="a">590859627</subfield>
    <subfield code="a">591059376</subfield>
    <subfield code="a">591113451</subfield>
    <subfield code="a">591176246</subfield>
    <subfield code="a">591770140</subfield>
    <subfield code="a">592156207</subfield>
    <subfield code="a">592178602</subfield>
    <subfield code="a">592240924</subfield>
    <subfield code="a">592306797</subfield>
    <subfield code="a">592323972</subfield>
    <subfield code="a">592370991</subfield>
    <subfield code="a">592371349</subfield>
    <subfield code="a">592389245</subfield>
    <subfield code="a">592389624</subfield>
    <subfield code="a">592504311</subfield>
    <subfield code="a">592553263</subfield>
    <subfield code="a">592610267</subfield>
    <subfield code="a">592671352</subfield>
    <subfield code="a">592846145</subfield>
    <subfield code="a">610148902</subfield>
    <subfield code="a">913897960</subfield>
    <subfield code="a">1013432868</subfield>
  </datafield>
  <datafield tag="035" ind1=" " ind2=" ">
    <subfield code="a">(OCoLC)797215252</subfield>
    <subfield code="z">(OCoLC)589970077</subfield>
    <subfield code="z">(OCoLC)590029089</subfield>
    <subfield code="z">(OCoLC)590166208</subfield>
    <subfield code="z">(OCoLC)590346486</subfield>
    <subfield code="z">(OCoLC)590661799</subfield>
    <subfield code="z">(OCoLC)590720573</subfield>
    <subfield code="z">(OCoLC)590839111</subfield>
    <subfield code="z">(OCoLC)590859627</subfield>
    <subfield code="z">(OCoLC)591059376</subfield>
    <subfield code="z">(OCoLC)591113451</subfield>
    <subfield code="z">(OCoLC)591176246</subfield>
    <subfield code="z">(OCoLC)591770140</subfield>
    <subfield code="z">(OCoLC)592156207</subfield>
    <subfield code="z">(OCoLC)592178602</subfield>
    <subfield code="z">(OCoLC)592240924</subfield>
    <subfield code="z">(OCoLC)592306797</subfield>
    <subfield code="z">(OCoLC)592323972</subfield>
    <subfield code="z">(OCoLC)592370991</subfield>
    <subfield code="z">(OCoLC)592371349</subfield>
    <subfield code="z">(OCoLC)592389245</subfield>
    <subfield code="z">(OCoLC)592389624</subfield>
    <subfield code="z">(OCoLC)592504311</subfield>
    <subfield code="z">(OCoLC)592553263</subfield>
    <subfield code="z">(OCoLC)592610267</subfield>
    <subfield code="z">(OCoLC)592671352</subfield>
    <subfield code="z">(OCoLC)592846145</subfield>
    <subfield code="z">(OCoLC)610148902</subfield>
    <subfield code="z">(OCoLC)913897960</subfield>
    <subfield code="z">(OCoLC)1013432868</subfield>
  </datafield>
  <datafield tag="040" ind1=" " ind2=" ">
    <subfield code="a">BDP</subfield>
    <subfield code="b">eng</subfield>
    <subfield code="e">rda</subfield>
    <subfield code="e">pn</subfield>
    <subfield code="c">BDP</subfield>
    <subfield code="d">OCLCO</subfield>
    <subfield code="d">OCLCQ</subfield>
    <subfield code="d">GPO</subfield>
    <subfield code="d">DLC</subfield>
    <subfield code="d">OCLCQ</subfield>
    <subfield code="d">OCLCF</subfield>
    <subfield code="d">OCLCO</subfield>
    <subfield code="d">GPO</subfield>
    <subfield code="d">DIBIB</subfield>
    <subfield code="d">OCLCQ</subfield>
    <subfield code="d">CUS</subfield>
    <subfield code="d">GPO</subfield>
    <subfield code="d">OCLCE</subfield>
    <subfield code="d">OCLCQ</subfield>
    <subfield code="d">GPO</subfield>
  </datafield>
  <datafield tag="042" ind1=" " ind2=" ">
    <subfield code="a">pcc</subfield>
  </datafield>
  <datafield tag="043" ind1=" " ind2=" ">
    <subfield code="a">n-us---</subfield>
  </datafield>
  <datafield tag="074" ind1=" " ind2=" ">
    <subfield code="a">0572-B-01 (online)</subfield>
  </datafield>
  <datafield tag="086" ind1="0" ind2=" ">
    <subfield code="a">AE 2.106/3:</subfield>
  </datafield>
  <datafield tag="245" ind1="0" ind2="0">
    <subfield code="a">Code of Federal regulations.</subfield>
  </datafield>
  <datafield tag="246" ind1="1" ind2=" ">
    <subfield code="i">Also called:</subfield>
    <subfield code="a">CFR</subfield>
  </datafield>
  <datafield tag="246" ind1="1" ind2=" ">
    <subfield code="i">Issues for -1947 have title:</subfield>
    <subfield code="a">Code of Federal regulations of the United States of America</subfield>
  </datafield>
  <datafield tag="250" ind1=" " ind2=" ">
    <subfield code="a">Annual edition.</subfield>
  </datafield>
  <datafield tag="250" ind1=" " ind2=" ">
    <subfield code="3">&lt;1948&gt;-&lt;1951&gt; (some issues)</subfield>
    <subfield code="a">1949 edition.</subfield>
  </datafield>
  <datafield tag="250" ind1=" " ind2=" ">
    <subfield code="3">&lt;2005-&gt;</subfield>
    <subfield code="a">U.S. Government official edition.</subfield>
  </datafield>
  <datafield tag="264" ind1=" " ind2="1">
    <subfield code="3">&lt;-1950&gt;</subfield>
    <subfield code="a">Washington :</subfield>
    <subfield code="b">Division of the Federal Register, the National Archives,</subfield>
    <subfield code="c">-1951.</subfield>
  </datafield>
  <datafield tag="264" ind1=" " ind2="2">
    <subfield code="3">&lt;-2014&gt;</subfield>
    <subfield code="a">Washington :</subfield>
    <subfield code="b">United States Government Printing Office,</subfield>
    <subfield code="c">-2014.</subfield>
  </datafield>
  <datafield tag="264" ind1="2" ind2="1">
    <subfield code="3">&lt;1951&gt;-&lt;1959&gt;</subfield>
    <subfield code="a">Washington :</subfield>
    <subfield code="b">Federal Register Division, National Archives and Records Service</subfield>
  </datafield>
  <datafield tag="264" ind1="2" ind2="1">
    <subfield code="3">&lt;1959&gt;-&lt;1984&gt;</subfield>
    <subfield code="a">Washington :</subfield>
    <subfield code="b">Office of the Federal Register, National Archives and Records Service</subfield>
  </datafield>
  <datafield tag="264" ind1="3" ind2="1">
    <subfield code="3">&lt;1985-&gt;</subfield>
    <subfield code="a">Washington :</subfield>
    <subfield code="b">Office of the Federal Register, National Archives and Records Administration</subfield>
  </datafield>
  <datafield tag="264" ind1="3" ind2="2">
    <subfield code="3">&lt;2015-&gt;</subfield>
    <subfield code="a">Washington, DC :</subfield>
    <subfield code="b">U.S. Government Publishing Office</subfield>
  </datafield>
  <datafield tag="300" ind1=" " ind2=" ">
    <subfield code="a">1 online resource (volumes)</subfield>
  </datafield>
  <datafield tag="310" ind1=" " ind2=" ">
    <subfield code="a">Annual</subfield>
  </datafield>
  <datafield tag="336" ind1=" " ind2=" ">
    <subfield code="a">text</subfield>
    <subfield code="b">txt</subfield>
    <subfield code="2">rdacontent</subfield>
  </datafield>
  <datafield tag="337" ind1=" " ind2=" ">
    <subfield code="a">computer</subfield>
    <subfield code="b">c</subfield>
    <subfield code="2">rdamedia</subfield>
  </datafield>
  <datafield tag="338" ind1=" " ind2=" ">
    <subfield code="a">online resource</subfield>
    <subfield code="b">cr</subfield>
    <subfield code="2">rdacarrier</subfield>
  </datafield>
  <datafield tag="362" ind1="1" ind2=" ">
    <subfield code="a">Print began with June 1, 1938, v. 1, titles 1-6.</subfield>
  </datafield>
  <datafield tag="500" ind1=" " ind2=" ">
    <subfield code="a">The CFR annual edition is the codification of the general and permanent rules published in the Federal Register by the departments and agencies of the Federal Government.</subfield>
  </datafield>
  <datafield tag="500" ind1=" " ind2=" ">
    <subfield code="a">Published by the Office of the Federal Register, National Archives and Records Administration as a Special Edition of the Federal Register.</subfield>
  </datafield>
  <datafield tag="515" ind1=" " ind2=" ">
    <subfield code="a">The Code of Federal Regulations (CFR) is divided into 50 titles that represent broad areas subject to Federal regulation. The 50 subject matter titles contain one or more individual volumes, which are updated once each calendar year, on a staggered basis. The annual update cycle is as follows: titles 1-16 are revised as of Jan. 1; titles 17-27 are revised as of Apr. 1; titles 28-41 are revised as of July 1; and titles 42-50 are revised as of Oct. 1.</subfield>
  </datafield>
  <datafield tag="550" ind1=" " ind2=" ">
    <subfield code="a">The online CFR is a joint project authorized by the publisher, the National Archives and Records Administration&apos;s (NARA) Office of the Federal Register (OFR), and the Government Printing Office (GPO).</subfield>
  </datafield>
  <datafield tag="555" ind1=" " ind2=" ">
    <subfield code="a">Has an annual index and finding aids: Code of Federal Regulations. CFR index and finding aids.</subfield>
  </datafield>
  <datafield tag="588" ind1=" " ind2=" ">
    <subfield code="a">Description based on: 1996; title from title screen (viewed Feb. 7, 2014).</subfield>
  </datafield>
  <datafield tag="588" ind1=" " ind2=" ">
    <subfield code="a">Latest issue consulted: 2018 (viewed Mar. 13, 2018).</subfield>
  </datafield>
  <datafield tag="650" ind1=" " ind2="0">
    <subfield code="a">Administrative law</subfield>
    <subfield code="z">United States.</subfield>
  </datafield>
  <datafield tag="650" ind1=" " ind2="0">
    <subfield code="a">Delegated legislation</subfield>
    <subfield code="z">United States.</subfield>
  </datafield>
  <datafield tag="650" ind1=" " ind2="7">
    <subfield code="a">Administrative law.</subfield>
    <subfield code="2">fast</subfield>
    <subfield code="0">(OCoLC)fst00796846</subfield>
  </datafield>
  <datafield tag="650" ind1=" " ind2="7">
    <subfield code="a">Delegated legislation.</subfield>
    <subfield code="2">fast</subfield>
    <subfield code="0">(OCoLC)fst00889920</subfield>
  </datafield>
  <datafield tag="651" ind1=" " ind2="7">
    <subfield code="a">United States.</subfield>
    <subfield code="2">fast</subfield>
    <subfield code="0">(OCoLC)fst01204155</subfield>
  </datafield>
  <datafield tag="710" ind1="1" ind2=" ">
    <subfield code="3">&lt;1959-&gt;</subfield>
    <subfield code="a">United States.</subfield>
    <subfield code="b">Office of the Federal Register,</subfield>
    <subfield code="e">issuing body.</subfield>
  </datafield>
  <datafield tag="710" ind1="1" ind2=" ">
    <subfield code="3">&lt;1951&gt;-&lt;1959&gt;</subfield>
    <subfield code="a">United States.</subfield>
    <subfield code="b">Federal Register Division,</subfield>
    <subfield code="e">issuing body.</subfield>
  </datafield>
  <datafield tag="710" ind1="1" ind2=" ">
    <subfield code="3">&lt;-1950&gt;</subfield>
    <subfield code="a">United States.</subfield>
    <subfield code="b">Division of the Federal Register,</subfield>
    <subfield code="e">issuing body.</subfield>
  </datafield>
  <datafield tag="710" ind1="1" ind2=" ">
    <subfield code="3">&lt;2015-&gt;</subfield>
    <subfield code="a">United States.</subfield>
    <subfield code="b">Government Publishing Office.</subfield>
  </datafield>
  <datafield tag="710" ind1="1" ind2=" ">
    <subfield code="3">&lt;-2014&gt;</subfield>
    <subfield code="a">United States.</subfield>
    <subfield code="b">Government Printing Office.</subfield>
  </datafield>
  <datafield tag="775" ind1="0" ind2="8">
    <subfield code="i">Issued also as an online database:</subfield>
    <subfield code="t">Code of federal regulations.</subfield>
    <subfield code="d">[Washington, D.C.] : GPO, 1994-</subfield>
    <subfield code="w">(OCoLC)434502491</subfield>
  </datafield>
  <datafield tag="776" ind1="0" ind2="8">
    <subfield code="i">Print version:</subfield>
    <subfield code="t">Code of Federal regulations of the United States of America</subfield>
    <subfield code="x">1946-4975</subfield>
    <subfield code="w">(DLC) 2008251146</subfield>
    <subfield code="w">(OCoLC)2786662</subfield>
  </datafield>
  <datafield tag="776" ind1="0" ind2="8">
    <subfield code="i">Microfiche version:</subfield>
    <subfield code="t">Code of Federal regulations of the United States of America</subfield>
    <subfield code="w">(DLC) 2009219015</subfield>
    <subfield code="w">(OCoLC)3764087</subfield>
  </datafield>
  <datafield tag="787" ind1="0" ind2="8">
    <subfield code="i">Updated by:</subfield>
    <subfield code="t">Electronic code of federal regulations</subfield>
    <subfield code="w">(DLC) 2012230598</subfield>
    <subfield code="w">(OCoLC)614000753</subfield>
  </datafield>
  <datafield tag="787" ind1="1" ind2=" ">
    <subfield code="t">Code of Federal Regulations. CFR index and finding aids</subfield>
    <subfield code="w">(DLC) 2017231208</subfield>
    <subfield code="w">(OCoLC)682421802</subfield>
  </datafield>
  <datafield tag="787" ind1="1" ind2=" ">
    <subfield code="t">Federal register</subfield>
    <subfield code="x">2167-2520</subfield>
    <subfield code="w">(DLC) 2009230072</subfield>
    <subfield code="w">(OCoLC)70285150</subfield>
  </datafield>
  <datafield tag="856" ind1="4" ind2="0">
    <subfield code="u">http://purl.fdlp.gov/GPO/gpo45906</subfield>
  </datafield>
  <datafield tag="856" ind1="4" ind2=" ">
    <subfield code="u">http://www.gpo.gov/fdsys/browse/collectionCfr.action?collectionCode=CFR</subfield>
  </datafield>
  <datafield tag="856" ind1=" " ind2=" ">
    <subfield code="3">(online)</subfield>
    <subfield code="u">https://catalog.gpo.gov/fdlpdir/locate.jsp?ItemNumber=0572-B-01&amp;SYS=000919692</subfield>
  </datafield>
  <datafield tag="994" ind1=" " ind2=" ">
    <subfield code="a">C0</subfield>
    <subfield code="b">GPO</subfield>
  </datafield>
  <datafield tag="049" ind1=" " ind2=" ">
    <subfield code="a">GPOO</subfield>
  </datafield>
  <datafield tag="922" ind1=" " ind2=" ">
    <subfield code="a">BASICTITLE</subfield>
  </datafield>
  <datafield tag="955" ind1=" " ind2=" ">
    <subfield code="a">bc81 20180718</subfield>
  </datafield>
  <datafield tag="955" ind1=" " ind2=" ">
    <subfield code="a">bca88 20170815</subfield>
  </datafield>
  <datafield tag="955" ind1=" " ind2=" ">
    <subfield code="a">bca35 20140207</subfield>
    <subfield code="b">20140207</subfield>
  </datafield>
</record>