

<record xmlns="http://www.loc.gov/MARC21/slim"
xmlns:xsi="http://www.w3.org/2001/XMLSchema-instance"
xsi:schemaLocation="http://www.loc.gov/MARC21/slim
http://www.loc.gov/standards/marcxml/schema/MARC21slim.xsd">
  <leader>00000cas a2200937 a 4500</leader>
  <controlfield tag="001">000582665</controlfield>
  <controlfield tag="005">20190220165330.0</controlfield>
  <controlfield tag="006">m     o  d f</controlfield>
  <controlfield tag="007">cr cn|||||||||</controlfield>
  <controlfield tag="008">990813c19479999dcuar  so    f0   a0eng</controlfield>
  <datafield tag="010" ind1=" " ind2=" ">
    <subfield code="a">99103079</subfield>
  </datafield>
  <datafield tag="019" ind1=" " ind2=" ">
    <subfield code="a">123441255</subfield>
    <subfield code="a">1001325166</subfield>
  </datafield>
  <datafield tag="022" ind1="0" ind2=" ">
    <subfield code="a">1559-6575</subfield>
    <subfield code="l">0193-1180</subfield>
    <subfield code="2">1</subfield>
  </datafield>
  <datafield tag="035" ind1=" " ind2=" ">
    <subfield code="a">(OCoLC)42078377</subfield>
    <subfield code="z">(OCoLC)123441255</subfield>
    <subfield code="z">(OCoLC)1001325166</subfield>
  </datafield>
  <datafield tag="040" ind1=" " ind2=" ">
    <subfield code="a">DLC</subfield>
    <subfield code="b">eng</subfield>
    <subfield code="c">DLC</subfield>
    <subfield code="d">OCLCQ</subfield>
    <subfield code="d">GPO</subfield>
    <subfield code="d">NSD</subfield>
    <subfield code="d">GPO</subfield>
    <subfield code="d">OCLCQ</subfield>
    <subfield code="d">DLC</subfield>
    <subfield code="d">GPO</subfield>
    <subfield code="d">OCLCQ</subfield>
    <subfield code="d">GPO</subfield>
    <subfield code="d">OCLCQ</subfield>
    <subfield code="d">OCLCO</subfield>
    <subfield code="d">OCLCF</subfield>
    <subfield code="d">INR</subfield>
    <subfield code="d">OCLCO</subfield>
    <subfield code="d">DLC</subfield>
    <subfield code="d">GPO</subfield>
    <subfield code="d">OCLCQ</subfield>
    <subfield code="d">GPO</subfield>
  </datafield>
  <datafield tag="042" ind1=" " ind2=" ">
    <subfield code="a">pcc</subfield>
    <subfield code="a">nsdp</subfield>
  </datafield>
  <datafield tag="043" ind1=" " ind2=" ">
    <subfield code="a">n-us---</subfield>
  </datafield>
  <datafield tag="050" ind1="0" ind2="0">
    <subfield code="a">HC106.5</subfield>
  </datafield>
  <datafield tag="074" ind1=" " ind2=" ">
    <subfield code="a">0848 (online)</subfield>
  </datafield>
  <datafield tag="074" ind1=" " ind2=" ">
    <subfield code="a">0848-F-01 (online)</subfield>
  </datafield>
  <datafield tag="074" ind1=" " ind2=" ">
    <subfield code="a">0848-F-03 (online)</subfield>
  </datafield>
  <datafield tag="074" ind1=" " ind2=" ">
    <subfield code="a">0766-C-44 (online)</subfield>
  </datafield>
  <datafield tag="082" ind1="1" ind2="0">
    <subfield code="a">330.973</subfield>
    <subfield code="2">13</subfield>
  </datafield>
  <datafield tag="086" ind1="0" ind2=" ">
    <subfield code="a">PR 40.9:</subfield>
  </datafield>
  <datafield tag="086" ind1="0" ind2=" ">
    <subfield code="a">PR 41.9:</subfield>
  </datafield>
  <datafield tag="086" ind1="0" ind2=" ">
    <subfield code="a">PR 42.9:</subfield>
  </datafield>
  <datafield tag="086" ind1="0" ind2=" ">
    <subfield code="a">PR 43.9:</subfield>
  </datafield>
  <datafield tag="086" ind1="0" ind2=" ">
    <subfield code="a">PR 44.9:</subfield>
  </datafield>
  <datafield tag="086" ind1="0" ind2=" ">
    <subfield code="a">PREX 1.30:</subfield>
  </datafield>
  <datafield tag="110" ind1="1" ind2=" ">
    <subfield code="a">United States.</subfield>
    <subfield code="b">President.</subfield>
  </datafield>
  <datafield tag="222" ind1=" " ind2="0">
    <subfield code="a">Economic report of the President transmitted to the Congress</subfield>
    <subfield code="b">(Dept. ed. : Online)</subfield>
  </datafield>
  <datafield tag="240" ind1="1" ind2="0">
    <subfield code="a">Economic report of the President to the Congress (Dept. ed. : Online)</subfield>
  </datafield>
  <datafield tag="245" ind1="1" ind2="4">
    <subfield code="a">The economic report of the President to the Congress.</subfield>
  </datafield>
  <datafield tag="246" ind1="1" ind2=" ">
    <subfield code="i">Issues for 1950- have title:</subfield>
    <subfield code="a">Economic report of the President transmitted to the Congress</subfield>
  </datafield>
  <datafield tag="246" ind1="1" ind2=" ">
    <subfield code="a">Economic report of the President</subfield>
  </datafield>
  <datafield tag="260" ind1=" " ind2=" ">
    <subfield code="a">Washington :</subfield>
    <subfield code="b">U.S. G.P.O.,</subfield>
    <subfield code="c">1947-</subfield>
  </datafield>
  <datafield tag="300" ind1=" " ind2=" ">
    <subfield code="a">1 online resource (volumes)</subfield>
  </datafield>
  <datafield tag="310" ind1=" " ind2=" ">
    <subfield code="a">Annual</subfield>
  </datafield>
  <datafield tag="336" ind1=" " ind2=" ">
    <subfield code="a">text</subfield>
    <subfield code="b">txt</subfield>
    <subfield code="2">rdacontent</subfield>
  </datafield>
  <datafield tag="337" ind1=" " ind2=" ">
    <subfield code="a">computer</subfield>
    <subfield code="b">c</subfield>
    <subfield code="2">rdamedia</subfield>
  </datafield>
  <datafield tag="338" ind1=" " ind2=" ">
    <subfield code="a">online resource</subfield>
    <subfield code="b">cr</subfield>
    <subfield code="2">rdacarrier</subfield>
  </datafield>
  <datafield tag="362" ind1="0" ind2=" ">
    <subfield code="a">Jan. 8, 1947-</subfield>
  </datafield>
  <datafield tag="500" ind1=" " ind2=" ">
    <subfield code="a">Reports for 1949-1953 include: The annual economic review by the Council of Economic Advisers (July issue has title: The economic situation at midyear); 1954- include: The annual report of the Council of Economic Advisers (title varies slightly).</subfield>
  </datafield>
  <datafield tag="500" ind1=" " ind2=" ">
    <subfield code="a">Title from title screen (viewed June 15, 2006).</subfield>
  </datafield>
  <datafield tag="520" ind1=" " ind2=" ">
    <subfield code="a">The entire reports from 1995 on may be downloaded and viewed. The statistical tables from Appendix B can be accessed as spreadsheet files from 1997 forward. The reports may also be searched by keyword or phrase from 1996 forward. Individual sections that contain those words or phrases can then be downloaded in PDF or ASCII text format.</subfield>
  </datafield>
  <datafield tag="525" ind1=" " ind2=" ">
    <subfield code="a">Vols. for 1947-1952 accompanied by a supplementary report, dated July, with title: The midyear economic report of the President to the Congress.</subfield>
  </datafield>
  <datafield tag="580" ind1=" " ind2=" ">
    <subfield code="a">Reports for 1996- are also available as part of the CD-ROM publication: United States. Office of Management and Budget. Budget of the United States Government (CD-ROM version).</subfield>
  </datafield>
  <datafield tag="588" ind1=" " ind2=" ">
    <subfield code="a">Latest issue consulted: Feb. 2018 (viewed Feb. 21, 2018).</subfield>
  </datafield>
  <datafield tag="651" ind1=" " ind2="0">
    <subfield code="a">United States</subfield>
    <subfield code="x">Economic policy</subfield>
    <subfield code="v">Periodicals.</subfield>
  </datafield>
  <datafield tag="651" ind1=" " ind2="0">
    <subfield code="a">United States</subfield>
    <subfield code="x">Economic conditions</subfield>
    <subfield code="y">1945-</subfield>
    <subfield code="v">Periodicals.</subfield>
  </datafield>
  <datafield tag="650" ind1=" " ind2="7">
    <subfield code="a">Economic history.</subfield>
    <subfield code="2">fast</subfield>
    <subfield code="0">(OCoLC)fst00901974</subfield>
  </datafield>
  <datafield tag="650" ind1=" " ind2="7">
    <subfield code="a">Economic policy.</subfield>
    <subfield code="2">fast</subfield>
    <subfield code="0">(OCoLC)fst00902025</subfield>
  </datafield>
  <datafield tag="651" ind1=" " ind2="7">
    <subfield code="a">United States.</subfield>
    <subfield code="2">fast</subfield>
    <subfield code="0">(OCoLC)fst01204155</subfield>
  </datafield>
  <datafield tag="648" ind1=" " ind2="7">
    <subfield code="a">Since 1945</subfield>
    <subfield code="2">fast</subfield>
  </datafield>
  <datafield tag="655" ind1=" " ind2="7">
    <subfield code="a">Periodicals.</subfield>
    <subfield code="2">fast</subfield>
    <subfield code="0">(OCoLC)fst01411641</subfield>
  </datafield>
  <datafield tag="710" ind1="2" ind2=" ">
    <subfield code="a">Council of Economic Advisers (U.S.)</subfield>
  </datafield>
  <datafield tag="730" ind1="0" ind2="2">
    <subfield code="a">Annual economic review (Council of Economic Advisers (U.S.))</subfield>
  </datafield>
  <datafield tag="730" ind1="0" ind2="2">
    <subfield code="a">Annual report (Council of Economic Advisers (U.S.))</subfield>
  </datafield>
  <datafield tag="770" ind1="0" ind2=" ">
    <subfield code="a">United States. President.</subfield>
    <subfield code="t">Midyear economic report of the President to the Congress</subfield>
    <subfield code="x">2380-3347</subfield>
    <subfield code="w">(DLC)sn 85019813</subfield>
    <subfield code="w">(OCoLC)8507451</subfield>
  </datafield>
  <datafield tag="775" ind1="0" ind2=" ">
    <subfield code="a">United States. President.</subfield>
    <subfield code="s">Economic report of the President transmitted to the Congress (Doc. ed. : Online).</subfield>
    <subfield code="t">Economic report of the President transmitted to the Congress</subfield>
    <subfield code="x">2380-3304</subfield>
    <subfield code="w">(DLC) 2011230135</subfield>
    <subfield code="w">(OCoLC)703591677</subfield>
  </datafield>
  <datafield tag="776" ind1="0" ind2="8">
    <subfield code="i">Print version, 1950- :</subfield>
    <subfield code="a">United States. President.</subfield>
    <subfield code="s">Economic report of the President transmitted to the Congress (Dept. ed.)</subfield>
    <subfield code="x">0193-1180</subfield>
    <subfield code="w">(DLC) 47032975</subfield>
    <subfield code="w">(OCoLC)1193149</subfield>
  </datafield>
  <datafield tag="776" ind1="0" ind2="8">
    <subfield code="i">Print version, 1947-1949:</subfield>
    <subfield code="a">United States. President.</subfield>
    <subfield code="t">Economic report of the President to the Congress</subfield>
    <subfield code="x">2380-3363</subfield>
    <subfield code="w">(DLC)sn 85019782</subfield>
    <subfield code="w">(OCoLC)1695646</subfield>
  </datafield>
  <datafield tag="787" ind1="1" ind2=" ">
    <subfield code="a">United States. Office of Management and Budget.</subfield>
    <subfield code="s">Budget of the United States Government (CD-ROM version).</subfield>
    <subfield code="t">Budget of the United States Government</subfield>
    <subfield code="x">2380-338X</subfield>
    <subfield code="w">(DLC) 2007219192</subfield>
    <subfield code="w">(OCoLC)32716725</subfield>
  </datafield>
  <datafield tag="856" ind1="4" ind2="0">
    <subfield code="3">Recent issues</subfield>
    <subfield code="u">http://purl.fdlp.gov/GPO/gpo19145</subfield>
    <subfield code="z">U.S. Government Publishing Office web site</subfield>
  </datafield>
  <datafield tag="856" ind1="4" ind2=" ">
    <subfield code="3">Recent issues</subfield>
    <subfield code="u">https://www.govinfo.gov/app/collection/erp</subfield>
    <subfield code="z">U.S. Government Publishing Office web site</subfield>
  </datafield>
  <datafield tag="856" ind1="4" ind2="0">
    <subfield code="3">Recent issues</subfield>
    <subfield code="u">http://purl.access.gpo.gov/GPO/LPS5348</subfield>
    <subfield code="z">White House web site, select title &quot;Economic Report of the President&quot;</subfield>
  </datafield>
  <datafield tag="856" ind1="4" ind2=" ">
    <subfield code="3">Recent issues</subfield>
    <subfield code="u">https://www.whitehouse.gov/cea/research/</subfield>
    <subfield code="z">White House web site, select title &quot;Economic Report of the President&quot;</subfield>
  </datafield>
  <datafield tag="856" ind1="4" ind2="0">
    <subfield code="3">Archived issues</subfield>
    <subfield code="u">http://purl.fdlp.gov/GPO/gpo67300</subfield>
    <subfield code="z">FRASER web site</subfield>
  </datafield>
  <datafield tag="856" ind1="4" ind2=" ">
    <subfield code="3">Archived issues</subfield>
    <subfield code="u">https://fraser.stlouisfed.org/title/45#!8108</subfield>
    <subfield code="z">FRASER web site</subfield>
  </datafield>
  <datafield tag="856" ind1=" " ind2=" ">
    <subfield code="3">(online)</subfield>
    <subfield code="u">https://catalog.gpo.gov/fdlpdir/locate.jsp?ItemNumber=0848&amp;SYS=000582665</subfield>
  </datafield>
  <datafield tag="856" ind1=" " ind2=" ">
    <subfield code="3">(online)</subfield>
    <subfield code="u">https://catalog.gpo.gov/fdlpdir/locate.jsp?ItemNumber=0848-F-03&amp;SYS=000582665</subfield>
  </datafield>
  <datafield tag="856" ind1=" " ind2=" ">
    <subfield code="3">(online)</subfield>
    <subfield code="u">https://catalog.gpo.gov/fdlpdir/locate.jsp?ItemNumber=0848-F-01&amp;SYS=000582665</subfield>
  </datafield>
  <datafield tag="856" ind1=" " ind2=" ">
    <subfield code="3">(online)</subfield>
    <subfield code="u">https://catalog.gpo.gov/fdlpdir/locate.jsp?ItemNumber=0766-C-44&amp;SYS=000582665</subfield>
  </datafield>
  <datafield tag="994" ind1=" " ind2=" ">
    <subfield code="a">C0</subfield>
    <subfield code="b">GPO</subfield>
  </datafield>
  <datafield tag="012" ind1=" " ind2=" ">
    <subfield code="l">1</subfield>
  </datafield>
  <datafield tag="049" ind1=" " ind2=" ">
    <subfield code="a">GPOO</subfield>
  </datafield>
  <datafield tag="922" ind1=" " ind2=" ">
    <subfield code="a">BASICTITLE</subfield>
  </datafield>
  <datafield tag="922" ind1=" " ind2=" ">
    <subfield code="a">ESSENTIALTITLE</subfield>
  </datafield>
  <datafield tag="955" ind1=" " ind2=" ">
    <subfield code="a">bca59 20180221</subfield>
  </datafield>
  <datafield tag="955" ind1=" " ind2=" ">
    <subfield code="a">bca35 20170721</subfield>
  </datafield>
  <datafield tag="955" ind1=" " ind2=" ">
    <subfield code="a">bcb19 20120216</subfield>
  </datafield>
  <datafield tag="955" ind1=" " ind2=" ">
    <subfield code="a">bcb43 20080331</subfield>
  </datafield>
</record>