

<record xmlns="http://www.loc.gov/MARC21/slim"
xmlns:xsi="http://www.w3.org/2001/XMLSchema-instance"
xsi:schemaLocation="http://www.loc.gov/MARC21/slim
http://www.loc.gov/standards/marcxml/schema/MARC21slim.xsd">
  <leader>00000cas a2200625 a 4500</leader>
  <controlfield tag="001">000590061</controlfield>
  <controlfield tag="005">20190404115450.0</controlfield>
  <controlfield tag="006">m        d f</controlfield>
  <controlfield tag="007">cr bn|||||||||</controlfield>
  <controlfield tag="008">050615c19489999dcumr pso s  f0   a0eng c</controlfield>
  <datafield tag="010" ind1=" " ind2=" ">
    <subfield code="a">2006230178</subfield>
  </datafield>
  <datafield tag="019" ind1=" " ind2=" ">
    <subfield code="a">173395529</subfield>
    <subfield code="a">173411610</subfield>
    <subfield code="a">173421502</subfield>
  </datafield>
  <datafield tag="022" ind1="0" ind2=" ">
    <subfield code="a">1933-3919</subfield>
    <subfield code="l">0013-0125</subfield>
    <subfield code="y">0013-0125</subfield>
    <subfield code="2">1</subfield>
  </datafield>
  <datafield tag="035" ind1=" " ind2=" ">
    <subfield code="a">(OCoLC)60637156</subfield>
    <subfield code="z">(OCoLC)173395529</subfield>
    <subfield code="z">(OCoLC)173411610</subfield>
    <subfield code="z">(OCoLC)173421502</subfield>
  </datafield>
  <datafield tag="037" ind1=" " ind2=" ">
    <subfield code="a">752-004-00000-5</subfield>
    <subfield code="b">Paper subscription available from: Supt. of Docs., P.O. Box 979050, St. Louis, MO 63197-9000</subfield>
  </datafield>
  <datafield tag="037" ind1=" " ind2=" ">
    <subfield code="a">99-136</subfield>
    <subfield code="b">LLMC</subfield>
  </datafield>
  <datafield tag="040" ind1=" " ind2=" ">
    <subfield code="a">OCLCS</subfield>
    <subfield code="c">OCLCS</subfield>
    <subfield code="d">GPO</subfield>
    <subfield code="d">NSD</subfield>
    <subfield code="d">OCLCQ</subfield>
    <subfield code="d">GPO</subfield>
    <subfield code="d">OCLCQ</subfield>
    <subfield code="d">LLMC2</subfield>
    <subfield code="d">GPO</subfield>
    <subfield code="d">GBT</subfield>
    <subfield code="d">GPO</subfield>
  </datafield>
  <datafield tag="042" ind1=" " ind2=" ">
    <subfield code="a">pcc</subfield>
    <subfield code="a">nsdp</subfield>
  </datafield>
  <datafield tag="043" ind1=" " ind2=" ">
    <subfield code="a">n-us---</subfield>
  </datafield>
  <datafield tag="050" ind1="1" ind2="0">
    <subfield code="a">ISSN RECORD</subfield>
  </datafield>
  <datafield tag="074" ind1=" " ind2=" ">
    <subfield code="a">0997-A (online)</subfield>
  </datafield>
  <datafield tag="086" ind1="0" ind2=" ">
    <subfield code="a">Y 4.EC 7:EC 7/</subfield>
  </datafield>
  <datafield tag="130" ind1="0" ind2=" ">
    <subfield code="a">Economic indicators (Washington, D.C. : 1948 : Online)</subfield>
  </datafield>
  <datafield tag="222" ind1=" " ind2="0">
    <subfield code="a">Economic indicators</subfield>
    <subfield code="b">(Washington, D.C. : 1948 : Online)</subfield>
  </datafield>
  <datafield tag="245" ind1="1" ind2="0">
    <subfield code="a">Economic indicators</subfield>
    <subfield code="h">[electronic resource] /</subfield>
    <subfield code="c">prepared for the Joint Economic Committee by the Council of Economic Advisers.</subfield>
  </datafield>
  <datafield tag="260" ind1=" " ind2=" ">
    <subfield code="a">Washington :</subfield>
    <subfield code="b">U.S. G.P.O.</subfield>
  </datafield>
  <datafield tag="310" ind1=" " ind2=" ">
    <subfield code="a">Monthly</subfield>
  </datafield>
  <datafield tag="362" ind1="1" ind2=" ">
    <subfield code="a">Print began with May 1948.</subfield>
  </datafield>
  <datafield tag="588" ind1=" " ind2=" ">
    <subfield code="a">Description based on: Jan. 1998; title from PDF title screen (viewed June 28, 2006).</subfield>
  </datafield>
  <datafield tag="588" ind1=" " ind2=" ">
    <subfield code="a">Latest issue consulted: Mar. 2007 (FDSYS web site, viewed Apr. 8, 2011).</subfield>
  </datafield>
  <datafield tag="650" ind1=" " ind2="0">
    <subfield code="a">Economic indicators</subfield>
    <subfield code="z">United States</subfield>
    <subfield code="v">Periodicals.</subfield>
  </datafield>
  <datafield tag="651" ind1=" " ind2="0">
    <subfield code="a">United States</subfield>
    <subfield code="x">Economic conditions</subfield>
    <subfield code="y">1945-</subfield>
    <subfield code="v">Statistics</subfield>
    <subfield code="v">Periodicals.</subfield>
  </datafield>
  <datafield tag="710" ind1="1" ind2=" ">
    <subfield code="a">United States.</subfield>
    <subfield code="b">Congress.</subfield>
    <subfield code="b">Joint Economic Committee.</subfield>
  </datafield>
  <datafield tag="710" ind1="2" ind2=" ">
    <subfield code="a">Council of Economic Advisers (U.S.)</subfield>
  </datafield>
  <datafield tag="776" ind1="0" ind2="8">
    <subfield code="i">Paper version:</subfield>
    <subfield code="t">Economic indicators (Washington, D.C. : 1948)</subfield>
    <subfield code="x">0013-0125</subfield>
    <subfield code="w">(DLC) 48046615</subfield>
    <subfield code="w">(OCoLC)1567401</subfield>
  </datafield>
  <datafield tag="856" ind1="4" ind2="0">
    <subfield code="3">Govinfo</subfield>
    <subfield code="u">http://purl.access.gpo.gov/GPO/LPS1458</subfield>
  </datafield>
  <datafield tag="856" ind1="4" ind2="0">
    <subfield code="3">FRASER</subfield>
    <subfield code="u">http://purl.access.gpo.gov/GPO/LPS86124</subfield>
  </datafield>
  <datafield tag="856" ind1="4" ind2=" ">
    <subfield code="u">http://www.gpoaccess.gov/indicators/index.html</subfield>
  </datafield>
  <datafield tag="856" ind1=" " ind2=" ">
    <subfield code="3">(online)</subfield>
    <subfield code="u">https://catalog.gpo.gov/fdlpdir/locate.jsp?ItemNumber=0997-A&amp;SYS=000590061</subfield>
  </datafield>
  <datafield tag="994" ind1=" " ind2=" ">
    <subfield code="a">C0</subfield>
    <subfield code="b">GPO</subfield>
  </datafield>
  <datafield tag="012" ind1=" " ind2=" ">
    <subfield code="l">a</subfield>
  </datafield>
  <datafield tag="029" ind1="0" ind2=" ">
    <subfield code="a">OCLCS</subfield>
    <subfield code="b">21793</subfield>
  </datafield>
  <datafield tag="029" ind1="1" ind2=" ">
    <subfield code="a">OCLCS</subfield>
    <subfield code="b">OP-25151</subfield>
  </datafield>
  <datafield tag="029" ind1="1" ind2=" ">
    <subfield code="a">AU@</subfield>
    <subfield code="b">000040459474</subfield>
  </datafield>
  <datafield tag="029" ind1="1" ind2=" ">
    <subfield code="a">NZ1</subfield>
    <subfield code="b">12140005</subfield>
  </datafield>
  <datafield tag="029" ind1="1" ind2=" ">
    <subfield code="a">AU@</subfield>
    <subfield code="b">000043821978</subfield>
  </datafield>
  <datafield tag="029" ind1="1" ind2=" ">
    <subfield code="a">AU@</subfield>
    <subfield code="b">000044059149</subfield>
  </datafield>
  <datafield tag="029" ind1="1" ind2=" ">
    <subfield code="a">AU@</subfield>
    <subfield code="b">000044917279</subfield>
  </datafield>
  <datafield tag="029" ind1="1" ind2=" ">
    <subfield code="a">AU@</subfield>
    <subfield code="b">000045703876</subfield>
  </datafield>
  <datafield tag="049" ind1=" " ind2=" ">
    <subfield code="a">XZL4</subfield>
  </datafield>
  <datafield tag="922" ind1=" " ind2=" ">
    <subfield code="a">BASICTITLE</subfield>
  </datafield>
  <datafield tag="922" ind1=" " ind2=" ">
    <subfield code="a">ESSENTIALTITLE</subfield>
  </datafield>
  <datafield tag="955" ind1=" " ind2=" ">
    <subfield code="a">bcb54 20190404</subfield>
  </datafield>
  <datafield tag="955" ind1=" " ind2=" ">
    <subfield code="a">bcb23 20110825</subfield>
  </datafield>
  <datafield tag="955" ind1=" " ind2=" ">
    <subfield code="a">bca35 20060628</subfield>
  </datafield>
</record>